@misc{yang2023talk2care,
      title={Talk2Care: Facilitating Asynchronous Patient-Provider Communication with Large-Language-Model}, 
      author={Ziqi Yang and Xuhai Xu and Bingsheng Yao and Shao Zhang and Ethan Rogers and Stephen Intille and Nawar Shara and Guodong and Gao and Dakuo Wang},
      year={2023},
      eprint={2309.09357},
      archivePrefix={arXiv},
      primaryClass={cs.CL}
}